% Encoding: UTF-8

@article{DBLP:journals/corr/LeePKN17,
  author    = {Jongpil Lee and
               Jiyoung Park and
               Keunhyoung Luke Kim and
               Juhan Nam},
  title     = {Sample-level Deep Convolutional Neural Networks for Music Auto-tagging
               Using Raw Waveforms},
  journal   = {CoRR},
  volume    = {abs/1703.01789},
  year      = {2017},
  url       = {http://arxiv.org/abs/1703.01789},
  archivePrefix = {arXiv},
  eprint    = {1703.01789},
  timestamp = {Mon, 13 Aug 2018 16:48:36 +0200},
  biburl    = {https://dblp.org/rec/bib/journals/corr/LeePKN17},
  bibsource = {dblp computer science bibliography, https://dblp.org}
}

@inproceedings{fma_dataset,
  title = {FMA: A Dataset for Music Analysis},
  author = {Defferrard, Micha\"el and Benzi, Kirell and Vandergheynst, Pierre and Bresson, Xavier},
  booktitle = {18th International Society for Music Information Retrieval Conference},
  year = {2017},
  url = {https://arxiv.org/abs/1612.01840},
}

@article{Hochreiter:1997:LSM:1246443.1246450,
 author = {Hochreiter, Sepp and Schmidhuber, J\"{u}rgen},
 title = {Long Short-Term Memory},
 journal = {Neural Comput.},
 issue_date = {November 15, 1997},
 volume = {9},
 number = {8},
 month = nov,
 year = {1997},
 issn = {0899-7667},
 pages = {1735--1780},
 numpages = {46},
 url = {http://dx.doi.org/10.1162/neco.1997.9.8.1735},
 doi = {10.1162/neco.1997.9.8.1735},
 acmid = {1246450},
 publisher = {MIT Press},
 address = {Cambridge, MA, USA},
} 

@Comment{jabref-meta: databaseType:bibtex;}
